<record><leader>00000cas a2200000 a 4500</leader><controlfield tag="001">10681792</controlfield><controlfield tag="008">840502d18711924nhuwr ne      0    0eng c</controlfield><datafield ind1=" " ind2=" " tag="010"><subfield code="a">sn 84022957 </subfield></datafield><datafield ind1=" " ind2=" " tag="040"><subfield code="a">NPX</subfield><subfield code="b">eng</subfield><subfield code="c">NPX</subfield><subfield code="d">DLC</subfield><subfield code="d">NVH</subfield><subfield code="d">CVF</subfield><subfield code="d">DLC</subfield><subfield code="d">CUI</subfield><subfield code="d">OCLCQ</subfield><subfield code="d">OCLCF</subfield></datafield><datafield ind1="1" ind2=" " tag="029"><subfield code="a">AU@</subfield><subfield code="b">000025819242</subfield></datafield><datafield ind1=" " ind2=" " tag="042"><subfield code="a">pcc</subfield></datafield><datafield ind1=" " ind2=" " tag="043"><subfield code="a">n-us-nh</subfield></datafield><datafield ind1="0" ind2="0" tag="050"><subfield code="a">Newspaper</subfield></datafield><datafield ind1=" " ind2="4" tag="050"><subfield code="a">AN</subfield></datafield><datafield ind1="0" ind2=" " tag="130"><subfield code="a">Independent statesman (Concord, N.H.)</subfield></datafield><datafield ind1="1" ind2="0" tag="245"><subfield code="a">Independent statesman.</subfield></datafield><datafield ind1=" " ind2=" " tag="260"><subfield code="a">Concord, N.H. :</subfield><subfield code="b">Republican Press Association,</subfield><subfield code="c">1871-1924.</subfield></datafield><datafield ind1=" " ind2=" " tag="300"><subfield code="a">v.</subfield></datafield><datafield ind1=" " ind2=" " tag="310"><subfield code="a">Weekly,</subfield><subfield code="b">July 6, 1920-Feb. 25, 1924</subfield></datafield><datafield ind1=" " ind2=" " tag="321"><subfield code="a">Weekly,</subfield><subfield code="b">Oct. 6, 1871-Dec. 7, 1911</subfield></datafield><datafield ind1=" " ind2=" " tag="321"><subfield code="a">Semiweekly,</subfield><subfield code="b">Dec. 11, 1911-July 1, 1920</subfield></datafield><datafield ind1="0" ind2=" " tag="362"><subfield code="a">Vol. 1, no. 1 (Oct. 6, 1871)-v. 56, no. 22 (Feb. 25, 1924).</subfield></datafield><datafield ind1=" " ind2=" " tag="530"><subfield code="a">Also issued on microfilm from the Library of Congress, Photoduplication Service.</subfield></datafield><datafield ind1=" " ind2=" " tag="580"><subfield code="a">Daily eds.: Concord daily monitor (Concord, N.H. : 1864), and: Concord evening monitor, and: Concord daily monitor and New Hampshire patriot.</subfield></datafield><datafield ind1=" " ind2="0" tag="651"><subfield code="a">Concord (N.H.)</subfield><subfield code="v">Newspapers.</subfield></datafield><datafield ind1=" " ind2="0" tag="651"><subfield code="a">Merrimack County (N.H.)</subfield><subfield code="v">Newspapers.</subfield></datafield><datafield ind1=" " ind2="7" tag="655"><subfield code="a">Newspapers.</subfield><subfield code="2">fast</subfield><subfield code="0">(OCoLC)fst01423814</subfield></datafield><datafield ind1=" " ind2="7" tag="651"><subfield code="a">New Hampshire</subfield><subfield code="z">Concord.</subfield><subfield code="2">fast</subfield><subfield code="0">(OCoLC)fst01205752</subfield></datafield><datafield ind1=" " ind2="7" tag="651"><subfield code="a">New Hampshire</subfield><subfield code="z">Merrimack County.</subfield><subfield code="2">fast</subfield><subfield code="0">(OCoLC)fst01211979</subfield></datafield><datafield ind1=" " ind2=" " tag="752"><subfield code="a">United States</subfield><subfield code="b">New Hampshire</subfield><subfield code="c">Merrimack</subfield><subfield code="d">Concord.</subfield></datafield><datafield ind1="1" ind2=" " tag="775"><subfield code="t">Concord daily monitor (Concord, N.H. : 1864)</subfield><subfield code="w">(DLC)sn 84022955</subfield><subfield code="w">(OCoLC)10681655</subfield></datafield><datafield ind1="1" ind2=" " tag="775"><subfield code="t">Concord daily monitor and New Hampshire patriot</subfield><subfield code="w">(DLC)sn 84020469</subfield><subfield code="w">(OCoLC)10828327</subfield></datafield><datafield ind1="1" ind2=" " tag="775"><subfield code="t">Concord evening monitor</subfield><subfield code="w">(DLC)sn 84020470</subfield><subfield code="w">(OCoLC)10828253</subfield></datafield><datafield ind1="0" ind2="8" tag="776"><subfield code="i">Online version:</subfield><subfield code="t">Independent statesman (Concord, N.H. : Online)</subfield><subfield code="w">(OCoLC)192107322</subfield></datafield><datafield ind1="0" ind2="4" tag="780"><subfield code="t">Republican statesman (Concord, N.H.)</subfield><subfield code="w">(DLC)sn 84022936</subfield><subfield code="w">(OCoLC)10675106</subfield></datafield><datafield ind1="0" ind2="4" tag="780"><subfield code="t">Independent Democrat (Concord, N.H.)</subfield><subfield code="w">(DLC)sn 84022953</subfield><subfield code="w">(OCoLC)10681434</subfield></datafield></record>